% Bibliography for Multi-Scale Sparse Autoencoders paper
% TODO: Add actual references as the paper develops

@article{allen_visual_coding,
  title={Visual coding neuropixels dataset},
  author={Allen Institute},
  journal={Allen Brain Observatory},
  year={2021},
  note={Available online}
}

@article{churchland_motor,
  title={Cortical control of movement},
  author={Churchland, Mark M and others},
  journal={Nature Neuroscience},
  year={2012},
  note={Placeholder citation}
}

@article{aeon_dataset,
  title={Continuous monitoring of mouse behavior},
  author={Aeon Project Team},
  journal={Nature Methods},
  year={2023},
  note={Placeholder citation}
}

@article{sparse_autoencoders,
  title={Sparse autoencoders},
  author={Ng, Andrew},
  journal={CS294A Lecture Notes},
  year={2011}
}

@article{multi_scale_analysis,
  title={Multi-scale analysis of neural data},
  author={Author, Example},
  journal={Journal of Neuroscience},
  year={2023},
  note={Placeholder citation}
}

% Add more references as needed during paper development
