@article{steinmetz_2021_neuropixels2,
  title={Neuropixels 2.0: A miniaturized high-density probe for stable, long-term brain recordings},
  author={Steinmetz, Nicholas A and Aydin, Cagatay and Lebedeva, Anna and Okun, Michael and Pachitariu, Marius and Bauza, Maysamreza and Beau, Maxime and Bhagat, Jai and B{\"o}hm, Claudia and Broux, Martijn and others},
  journal={Science},
  volume={372},
  number={6539},
  pages={eabf4588},
  year={2021},
  publisher={American Association for the Advancement of Science}
}

@article{siegle_2021_allen_datasets,
  title={A survey of spiking activity reveals a functional hierarchy of mouse corticothalamic visual areas},
  author={Siegle, Joshua H and Jia, Xiaoxuan and Durand, S{\'e}verine and Gale, Sam and Bennett, Corbett and Graddis, Nile and Heller, Greggory and Ramirez, Tamina K and Choi, Hannah and Luviano, Jed A and others},
  journal={Nature},
  volume={592},
  number={7876},
  pages={86--92},
  year={2021},
  publisher={Nature Publishing Group}
}

@article{churchland_2012_churchland_datasets,
  title={Neural population dynamics during reaching},
  author={Churchland, Mark M and Cunningham, John P and Kaufman, Matthew T and Foster, Justin D and Nuyujukian, Paul and Ryu, Stephen I and Shenoy, Krishna V},
  journal={Nature},
  volume={487},
  number={7405},
  pages={51--56},
  year={2012},
  publisher={Nature Publishing Group}
}

@article{pandarinath_2018_lfads,
  title={Inferring single-trial neural population dynamics using sequential auto-encoders},
  author={Pandarinath, Chethan and O'Shea, Daniel J and Collins, Jasmine and Jozefowicz, Rafal and Stavisky, Sergey D and Kao, Jonathan C and Trautmann, Eric M and Kaufman, Matthew T and Ryu, Stephen I and Hochberg, Leigh R and others},
  journal={Nature methods},
  volume={15},
  number={10},
  pages={805--815},
  year={2018},
  publisher={Nature Publishing Group}
}

% @article{aeon_dataset,
%   title={Continuous long-term monitoring of freely behaving animals},
%   author={Aeon Project Team},
%   journal={Nature Methods},
%   year={2023},
%   note={Placeholder citation - replace with actual Aeon paper when published}
% }


@article{cunningham_2014_neural_dry,
  title={Dimensionality reduction for large-scale neural recordings},
  author={Cunningham, John P and Byron, M Yu},
  journal={Nature neuroscience},
  volume={17},
  number={11},
  pages={1500--1509},
  year={2014},
  publisher={Nature Publishing Group}
}

@article{gao_2016_pflds,
  title={Linear dynamical neural population models through nonlinear embeddings},
  author={Gao, Yuanjun and Archer, Evan W and Paninski, Liam and Cunningham, John P},
  journal={Advances in neural information processing systems},
  volume={29},
  pages={163--171},
  year={2016}
}

@article{raducanu_2017_neuroseeker,
  title={NeuroSeeker, a probe for dense large-scale neural recording},
  author={Raducanu, Bogdan C and Putzeys, Jan and Welkenhuysen, Marleen and Van Dijck, Robin and van der Veen, Bas and Jaquelin, Maxime and Andrei, Andre and Musa, Silke and van der West, Pieter and van Lier, Stijn and others},
  journal={Microsystems \& Nanoengineering},
  volume={3},
  number={1},
  pages={1--9},
  year={2017},
  publisher={Nature Publishing Group}
}

@article{cai_2016_miniscope,
  title={Miniature microscopy for large-scale imaging of network dynamics in freely behaving mice},
  author={Cai, Denise J and Aharoni, Daniel and Shuman, Tristan and Shobe, Justin and Biane, Jonathan and Song, Weilin and Wei, Brandon and Veshkini, Maza and La-Vu, Mimi and Lou, Joyce and others},
  journal={Nature methods},
  volume={13},
  number={6},
  pages={524--532},
  year={2016},
  publisher={Nature Publishing Group}
}

@article{li_2017_largescale_2p,
  title={Large-scale, two-photon imaging of neuronal activity in the primate brain},
  author={Li, Meng and Liu, Fuhui and Jiang, Hui and Lee, Tak S and Tang, Shu-Min},
  journal={Elife},
  volume={6},
  pages={e25788},
  year={2017},
  publisher={eLife Sciences Publications, Ltd}
}

@article{hotelling_1933_pca,
  title={Analysis of a complex of statistical variables into principal components},
  author={Hotelling, Harold},
  journal={Journal of educational psychology},
  volume={24},
  number={6},
  pages={417},
  year={1933},
  publisher={American Psychological Association}
}

@article{hoyer_2004_sparsenmf,
  title={Non-negative matrix factorization with sparseness constraints},
  author={Hoyer, Patrik O},
  journal={Journal of machine learning research},
  volume={5},
  number={May},
  pages={1457--1469},
  year={2004}
}

@article{schneider_2023_cebra,
  title={Learnable latent embeddings for joint behavioural and neural analysis},
  author={Schneider, Steffen and Lee, Jin H and Mathis, Mackenzie W},
  journal={Nature},
  volume={617},
  number={7960},
  pages={360--368},
  year={2023},
  publisher={Nature Publishing Group UK}
}

@article{keshtkaran_2022_autolfads,
  title={A large-scale neural network training framework for generalized estimation of single-trial population dynamics},
  author={Keshtkaran, Mohammad R and Pandarinath, Chethan},
  journal={Nature Methods},
  volume={19},
  number={12},
  pages={1598--1608},
  year={2022},
  publisher={Nature Publishing Group UK}
}

@inproceedings{le_2022_stndt,
  title={STNDT: Modeling Neural Population Activity with Spatiotemporal Transformers},
  author = {Le, Trung and Shlizerman, Eli},
  booktitle = {Advances in Neural Information Processing Systems},
  editor = {S. Koyejo and S. Mohamed and A. Agarwal and D. Belgrave and K. Cho and A. Oh},
  pages = {17926--17939},
  publisher = {Curran Associates, Inc.},
  url = {https://proceedings.neurips.cc/paper_files/paper/2022/file/72163d1c3c1726f1c29157d06e9e93c1-Paper-Conference.pdf},
  volume = {35},
  year = {2022}
}

@article{song_2025_langevinflow,
  title={Langevin Flows for Modeling Neural Latent Dynamics}, 
  author={Yue Song and T. Anderson Keller and Yisong Yue and Pietro Perona and Max Welling},
  eprint={2507.11531},
  archivePrefix={arXiv},
  primaryClass={cs.LG},
  url={https://arxiv.org/abs/2507.11531}, 
  year={2025},
}